<?xml version="1.0" encoding="UTF-8"?><collection xmlns="http://www.loc.gov/MARC21/slim"><record><leader>00468nam--2200169-u-4500</leader><controlfield tag="001">000052157</controlfield><controlfield tag="002">20161230</controlfield><controlfield tag="005">20161230201049</controlfield><controlfield tag="008">090928s1000------------r-----000-0-eng-d</controlfield><datafield ind1=" " ind2=" " tag="040"><subfield code="a">IFIN-HH</subfield></datafield><datafield ind1=" " ind2=" " tag="080"><subfield code="a">518.2</subfield></datafield><datafield ind1="1" ind2=" " tag="100"><subfield code="a">Montagne,P</subfield></datafield><datafield ind1="1" ind2="0" tag="245"><subfield code="a">Tables Abregees de Puissances Entieres. Specialement Preparees pour Servir D'aide a la Machine a Calculer</subfield></datafield><datafield ind1=" " ind2=" " tag="260"><subfield code="a">Paris</subfield><subfield code="b">Dunod</subfield><subfield code="c">1958</subfield></datafield><datafield ind1=" " ind2=" " tag="300"><subfield code="a">p.dif</subfield></datafield><datafield ind1=" " ind2=" " tag="852"><subfield code="a">13954</subfield><subfield code="c">518.2</subfield></datafield><datafield ind1=" " ind2=" " tag="CAT"><subfield code="a">Sys</subfield><subfield code="c">20090928</subfield><subfield code="h">074212</subfield></datafield></record></collection>